%% This BibTeX bibliography file was created using BibDesk.
%% https://bibdesk.sourceforge.io/

%% Created for Lucius at 2019-06-18 10:39:26 +0800 


%% Saved with string encoding Unicode (UTF-8) 



@webpage{:gj,
	Date-Added = {2019-06-18 10:20:26 +0800},
	Date-Modified = {2019-06-18 10:27:42 +0800},
	Lastchecked = {Tuesday, June 18, 2019},
	Title = {大学生恋爱满意度综述(郭瑾)},
	Url = {http://metalib.lib.tsinghua.edu.cn:8080/V/D85FIJP4RJA7JH5799K87VE746HQK7G1L4EQVMIMRA58XB6RB9-02616?func\=meta-3-lcl\&short-format\=002\&set\_number\=000671\&set\_entry\=000001\&format\=999},
	Year = {2017},
	Bdsk-Url-1 = {http://metalib.lib.tsinghua.edu.cn:8080/V/D85FIJP4RJA7JH5799K87VE746HQK7G1L4EQVMIMRA58XB6RB9-02616?func=meta-3-lcl&short-format=002&set_number=000671&set_entry=000001&format=999}}

@webpage{:lxj,
	Date-Added = {2019-06-18 10:19:52 +0800},
	Date-Modified = {2019-06-18 10:29:34 +0800},
	Lastchecked = {Tuesday, June 18, 2019},
	Title = {大学生恋爱受挫引发心理危机的工作启示(柳晓君)},
	Url = {http://metalib.lib.tsinghua.edu.cn:8080/V/D85FIJP4RJA7JH5799K87VE746HQK7G1L4EQVMIMRA58XB6RB9-01764?func\=meta-3-lcl\&short-format\=002\&set\_number\=000653\&set\_entry\=000030\&format\=999},
	Year = {2019},
	Bdsk-Url-1 = {http://metalib.lib.tsinghua.edu.cn:8080/V/D85FIJP4RJA7JH5799K87VE746HQK7G1L4EQVMIMRA58XB6RB9-01764?func=meta-3-lcl&short-format=002&set_number=000653&set_entry=000030&format=999}}

@webpage{:lhs,
	Date-Added = {2019-06-18 10:18:04 +0800},
	Date-Modified = {2019-06-18 10:31:44 +0800},
	Lastchecked = {Tuesday, June 18, 2019},
	Title = {大学生恋爱中感情与性问题的调查研究(刘慧思)},
	Url = {http://metalib.lib.tsinghua.edu.cn:8080/V/D85FIJP4RJA7JH5799K87VE746HQK7G1L4EQVMIMRA58XB6RB9-00674?func\=meta-3-lcl\&short-format\=002\&set\_number\=000653\&set\_entry\=000044\&format\=999},
	Year = {2017},
	Bdsk-Url-1 = {http://metalib.lib.tsinghua.edu.cn:8080/V/D85FIJP4RJA7JH5799K87VE746HQK7G1L4EQVMIMRA58XB6RB9-00674?func=meta-3-lcl&short-format=002&set_number=000653&set_entry=000044&format=999}}

@webpage{:yyq,
	Date-Added = {2019-06-18 10:17:07 +0800},
	Date-Modified = {2019-06-18 10:39:25 +0800},
	Lastchecked = {Tuesday, June 18, 2019},
	Title = {新时代大学生恋爱心理问题及对策(岳云强)},
	Url = {http://metalib.lib.tsinghua.edu.cn:8080/V/D85FIJP4RJA7JH5799K87VE746HQK7G1L4EQVMIMRA58XB6RB9-00324?func\=meta-3-lcl\&short-format\=002\&set\_number\=000653\&set\_entry\=000038\&format\=999},
	Year = {2019},
	Bdsk-Url-1 = {http://metalib.lib.tsinghua.edu.cn:8080/V/D85FIJP4RJA7JH5799K87VE746HQK7G1L4EQVMIMRA58XB6RB9-00324?func=meta-3-lcl&short-format=002&set_number=000653&set_entry=000038&format=999}}

@webpage{:jxm,
	Date-Added = {2019-06-18 10:16:42 +0800},
	Date-Modified = {2019-06-18 10:27:18 +0800},
	Lastchecked = {Tuesday, June 18, 2019},
	Title = {刍议当代大学生恋爱观(金晓萌)},
	Url = {http://metalib.lib.tsinghua.edu.cn:8080/V/D85FIJP4RJA7JH5799K87VE746HQK7G1L4EQVMIMRA58XB6RB9-01300?func\=meta-3-lcl\&short-format=002\&set\_number\=000653\&set\_entry\=000013\&format\=999},
	Year = {2019},
	Bdsk-Url-1 = {http://metalib.lib.tsinghua.edu.cn:8080/V/D85FIJP4RJA7JH5799K87VE746HQK7G1L4EQVMIMRA58XB6RB9-01300?func=meta-3-lcl&short-format=002&set_number=000653&set_entry=000013&format=999}}

@webpage{:zxt,
	Date-Added = {2019-06-18 10:16:33 +0800},
	Date-Modified = {2019-06-18 10:35:00 +0800},
	Lastchecked = {Tuesday, June 18, 2019},
	Title = {社会主要矛盾视域下大学生恋爱观探析(张晓田)},
	Url = {http://metalib.lib.tsinghua.edu.cn:8080/V/D85FIJP4RJA7JH5799K87VE746HQK7G1L4EQVMIMRA58XB6RB9-01278?func\=meta-3-lcl\&short-format\=002\&set\_number\=000653\&set\_entry\=000011\&format\=999},
	Year = {2019},
	Bdsk-Url-1 = {http://metalib.lib.tsinghua.edu.cn:8080/V/D85FIJP4RJA7JH5799K87VE746HQK7G1L4EQVMIMRA58XB6RB9-01278?func=meta-3-lcl&short-format=002&set_number=000653&set_entry=000011&format=999},
	Bdsk-Url-2 = {http://metalib.lib.tsinghua.edu.cn:8080/V/D85FIJP4RJA7JH5799K87VE746HQK7G1L4EQVMIMRA58XB6RB9-01355?func=meta-3-lcl&short-format=002&set_number=000653&set_entry=000018&format=999}}

@webpage{:wyl,
	Date-Added = {2019-06-18 10:16:23 +0800},
	Date-Modified = {2019-06-18 10:37:07 +0800},
	Lastchecked = {Tuesday, June 18, 2019},
	Title = {新媒体背景下大学生恋爱婚姻观问题探析(吴钰莲)},
	Url = {http://metalib.lib.tsinghua.edu.cn:8080/V/D85FIJP4RJA7JH5799K87VE746HQK7G1L4EQVMIMRA58XB6RB9-01245?func\=meta-3-lcl\&short-format\=002\&set\_number\=000653\&set\_entry\=000008\&format\=999},
	Year = {2017},
	Bdsk-Url-1 = {http://metalib.lib.tsinghua.edu.cn:8080/V/D85FIJP4RJA7JH5799K87VE746HQK7G1L4EQVMIMRA58XB6RB9-01245?func=meta-3-lcl&short-format=002&set_number=000653&set_entry=000008&format=999}}

@webpage{:ylp,
	Date-Added = {2019-06-18 09:54:05 +0800},
	Date-Modified = {2019-06-18 10:14:41 +0800},
	Lastchecked = {Tuesday, June 18, 2019},
	Title = {大学生恋爱态度和性心理健康调查(杨丽萍)},
	Url = {http://www.cnki.net/kcms/detail/21.1234.R.20180831.1217.056.html?\&uid\=WEEvREcwSlJHSldRa1FhcEE0QVRBVkFhVFpQenhzR1BuMU1FVDVFSitQYz0\=\$9A4hF\_YAuvQ5obgVAqNKPCYcEjKensW4ggI8Fm4gTkoUKaID8j8gFw!!\&v\=MjgxNDV1WnBGeUhrV3J2QUkxZz1QeXJNZWJHNEg5bk1wNHhFWk9zTlkzZ3h5aFlTNkVsMVFIdmpyaFkxQ01EN1I3cWVi},
	Year = {2017},
	Bdsk-Url-1 = {http://metalib.lib.tsinghua.edu.cn:8080/V/RQFASRDJA2GLYC32QRJ16SA5BGTQVBGERNTINN7JBNI8TRS3TS-01401?func=meta-3-lcl%5C&short-format=002%5C&set_number=000598%5C&set_entry=000002%5C&format=999},
	Bdsk-Url-2 = {http://metalib.lib.tsinghua.edu.cn:8080/V/D85FIJP4RJA7JH5799K87VE746HQK7G1L4EQVMIMRA58XB6RB9-00674?func=meta-3-lcl&short-format=002&set_number=000653&set_entry=000044&format=999}}
